<?xml version="1.0" encoding="UTF-8"?><collection xmlns="http://www.loc.gov/MARC21/slim"><record><leader>00354nam--2200133-i-4500</leader><controlfield tag="001">000002593</controlfield><controlfield tag="002">20161230</controlfield><controlfield tag="005">20161230201025</controlfield><controlfield tag="008">060222s1000------------r-----000-0-eng-d</controlfield><datafield ind1="1" ind2=" " tag="100"><subfield code="a">Dumitrescu, Ioan I</subfield></datafield><datafield ind1="1" ind2="0" tag="245"><subfield code="a">Simularea cimpurilor potentiale</subfield></datafield><datafield ind1=" " ind2=" " tag="260"><subfield code="a">BUCURESTI, ED.ACAD.R.S.R., 1983. 244 p</subfield></datafield><datafield ind1=" " ind2=" " tag="852"><subfield code="a">71263</subfield><subfield code="c">517.9</subfield></datafield><datafield ind1=" " ind2=" " tag="CAT"><subfield code="a">Sys</subfield><subfield code="c">20090414</subfield><subfield code="h">102858</subfield></datafield></record></collection>